@inproceedings{chamorro2017improving,
  title={Improving the spatial solution of electrocardiographic imaging: a new regularization parameter choice technique for the tikhonov method},
  author={Chamorro-Servent, Judit and Dubois, R{\'e}mi and Potse, Mark and Coudi{\`e}re, Yves},
  booktitle={International Conference on Functional Imaging and Modeling of the Heart},
  pages={289--300},
  year={2017},
  organization={Springer}
}

@article{ramanathan2004noninvasive,
  title={Noninvasive electrocardiographic imaging for cardiac electrophysiology and arrhythmia},
  author={Ramanathan, Charulatha and Ghanem, Raja N and Jia, Ping and Ryu, Kyungmoo and Rudy, Yoram},
  journal={Nature medicine},
  volume={10},
  number={4},
  pages={422--428},
  year={2004},
  publisher={Nature Publishing Group}
}

@article{intini2005electrocardiographic,
  title={Electrocardiographic imaging (ECGI), a novel diagnostic modality used for mapping of focal left ventricular tachycardia in a young athlete},
  author={Intini, Anselma and Goldstein, Robert N and Jia, Ping and Ramanathan, Charulatha and Ryu, Kyungmoo and Giannattasio, Bartolomeo and Gilkeson, Robert and Stambler, Bruce S and Brugada, Pedro and Stevenson, William G and others},
  journal={Heart Rhythm},
  volume={2},
  number={11},
  pages={1250--1252},
  year={2005},
  publisher={Elsevier}
}

@article{figuera2016regularization,
  title={Regularization techniques for ECG imaging during atrial fibrillation: a computational study},
  author={Figuera, Carlos and Su{\'a}rez-Guti{\'e}rrez, V{\'\i}ctor and Hern{\'a}ndez-Romero, Ismael and Rodrigo, Miguel and Liberos, Alejandro and Atienza, Felipe and Guillem, Mar{\'\i}a S and Barquero-P{\'e}rez, {\'O}scar and Climent, Andreu M and Alonso-Atienza, Felipe},
  journal={Frontiers in physiology},
  volume={7},
  pages={466},
  year={2016},
  publisher={Frontiers Media SA}
}

@inproceedings{schuler2017ecg,
  title={ECG imaging of simulated atrial fibrillation: imposing epi-endocardial similarity facilitates the reconstruction of transmembrane voltages},
  author={Schuler, Steffen and Potyagaylo, Danila and D{\"o}ssel, Olaf},
  booktitle={2017 Computing in Cardiology (CinC)},
  pages={1--4},
  year={2017},
  organization={IEEE}
}

@article{milanivc2014assessment,
  title={Assessment of regularization techniques for electrocardiographic imaging},
  author={Milani{\v{c}}, Matija and Jazbin{\v{s}}ek, Vojko and MacLeod, Robert S and Brooks, Dana H and others},
  journal={Journal of electrocardiology},
  volume={47},
  number={1},
  pages={20--28},
  year={2014},
  publisher={Elsevier}
}

@article{morel2018gramm,
  title={Gramm: grammar of graphics plotting in Matlab},
  author={Morel, Pierre},
  journal={Journal of Open Source Software},
  volume={3},
  number={23},
  pages={568},
  year={2018}
}

@article{wang2006application,
  title={Application of the method of fundamental solutions to potential-based inverse electrocardiography},
  author={Wang, Yong and Rudy, Yoram},
  journal={Annals of biomedical engineering},
  volume={34},
  number={8},
  pages={1272--1288},
  year={2006},
  publisher={Springer}
}

@ARTICLE{4536071,
  author={Stenroos, Matti and Haueisen, Jens},
  journal={IEEE Transactions on Biomedical Engineering}, 
  title={Boundary Element Computations in the Forward and Inverse Problems of Electrocardiography: Comparison of Collocation and Galerkin Weightings}, 
  year={2008},
  volume={55},
  number={9},
  pages={2124-2133},
  doi={10.1109/TBME.2008.923913}}

@inproceedings{macleod1995electrocardiographic,
  title={Electrocardiographic mapping in a realistic torso tank preparation},
  author={MacLeod, Robert S and Taccardi, B and Lux, RL},
  booktitle={Proceedings of 17th international conference of the engineering in medicine and biology society},
  volume={1},
  pages={245--246},
  year={1995},
  organization={IEEE}
}

@ARTICLE{4536071,
  author={Stenroos*, Matti and Haueisen, Jens},
  journal={IEEE Transactions on Biomedical Engineering}, 
  title={Boundary Element Computations in the Forward and Inverse Problems of Electrocardiography: Comparison of Collocation and Galerkin Weightings}, 
  year={2008},
  volume={55},
  number={9},
  pages={2124-2133},
  doi={10.1109/TBME.2008.923913}}

  @misc{Cunha13,
  author        = {Eric. L. Miller},
  title         = {Fundamental of Inverse Problems},
  month         = {September},
  pages = {115},
  year          = {2003},
  publisher={Department of Electrical and Computer Engineering & The Center for Subsurface Sensing and Imaging System}
}

@article{colli1985mathematical,
  title={A mathematical procedure for solving the inverse potential problem of electrocardiography. Analysis of the time-space accuracy from in vitro experimental data},
  author={Colli-Franzone, P and Guerri, L and Tentoni, S and Viganotti, C and Baruffi, S and Spaggiari, S and Taccardi, B},
  journal={Mathematical Biosciences},
  volume={77},
  number={1-2},
  pages={353--396},
  year={1985},
  publisher={Elsevier}
}

@article{hansen1993use,
  title={The use of the L-curve in the regularization of discrete ill-posed problems},
  author={Hansen, Per Christian and Oâ€™Leary, Dianne Prost},
  journal={SIAM journal on scientific computing},
  volume={14},
  number={6},
  pages={1487--1503},
  year={1993},
  publisher={SIAM}
}

@article{krawczyk2007regularization,
  title={Regularization parameter selection in discrete ill-posed problems--The use of the U-Curve},
  author={Krawczyk-StanDo, Dorota and Rudnicki, Marek},
  journal={International Journal of Applied Mathematics and Computer Science},
  volume={17},
  number={2},
  pages={157},
  year={2007},
  publisher={De Gruyter Poland}
}

@article{ten2004model,
  title={A model for human ventricular tissue},
  author={ten Tusscher, Kirsten HWJ and Noble, Denis and Noble, Peter-John and Panfilov, Alexander V},
  journal={American Journal of Physiology-Heart and Circulatory Physiology},
  year={2004},
  publisher={American Physiological Society}
}

@software{ActDetect,
  author = {The Scientific Computing and Imaging Institue},
  title = {ACtivation Time Detection},
  url = {https://www.sci.utah.edu/software/scirun.html},
}

@article{erem2013using,
  title={Using transmural regularization and dynamic modeling for noninvasive cardiac potential imaging of endocardial pacing with imprecise thoracic geometry},
  author={Erem, Burak and Coll-Font, Jaume and Orellana, Ramon Martinez and {\v{S}}t, Petr and Brooks, Dana H and others},
  journal={IEEE transactions on medical imaging},
  volume={33},
  number={3},
  pages={726--738},
  year={2013},
  publisher={IEEE}
}